@misc{ Nobody06,
       author = "Nobody Jr",
       title = "My Article",
       year = "2006" }

@ONLINE {xilinx2019fpga,
   author = "xilinx",
   title  = "Artix-7 FPGAs Data Sheet:DC and AC Switching Characteristics",
   month  = "feb",
   year   = "2019",
   url    = "https://www.xilinx.com/support/documentation/data_sheets/ds181_Artix_7_Data_Sheet.pdf"
}
